@misc{ skimage,
	author = "scikit-image development team",
	title = "skimage 0.13.1",
	year = 2017}
	
@misc{ tensorflow,
	author = "Google",
	title = "TensorFlow 1.0",
	year = 2017}

@article{ rcnn,
	author = "Ross Girshick and Jeff Donahue and Trevor Darrell and Jitendra Malik",
	title = "R-CNN for object detection",
	year = {2014}
}
	
@article{ fast_rcnn,
	author = "Ross Girshick",
	title = "Fast R-CNN",
	journal={arXiv:1504.08083},
	year = 2015}
	
@article{ faster_rcnn,
	author = "Shaoqing Ren and Kaiming He and Ross Girshick and Jian Sun",
	title = "Faster R-CNN: Towards Real-Time Object Detection with Region Proposal Networks",
	journal = {arXiv:1506.01497},
	year = 2015}
	
@article{yolo_v1,
	author = "Joseph Redmon and Santosh Divvala and Ross Girshick and Ali Farhadi",
	title = "You Only Look Once: Unified, Real-Time Object Detection",
	journal = {arXiv:1506.02640},
	year = {2015}
}
	
@article{yolo_v2,
  title={YOLO9000: Better, Faster, Stronger},
  author={Redmon, Joseph and Farhadi, Ali},
  journal={arXiv preprint arXiv:1612.08242},
  year={2016}
}